@book{malv,
author = {Malvino A., Brown J.},
title = {Digital Computer Electronics},
year = {1993}}