@book{harris,
author = {D. Harris, S. Harris},
title = {Digital Design and Computer Architecture},
year = {2012}}